@article{goyal2017accurate,
  title={Accurate, large minibatch SGD: training imagenet in 1 hour},
  author={Goyal, Priya and Doll{\'a}r, Piotr and Girshick, Ross and Noordhuis, Pieter and Wesolowski, Lukasz and Kyrola, Aapo and Tulloch, Andrew and Jia, Yangqing and He, Kaiming},
  journal={arXiv preprint arXiv:1706.02677},
  year={2017}
}

@article{jaderberg2017population,
  title={Population Based Training of Neural Networks},
  author={Jaderberg, Max and Dalibard, Valentin and Osindero, Simon and Czarnecki, Wojciech M and Donahue, Jeff and Razavi, Ali and Vinyals, Oriol and Green, Tim and Dunning, Iain and Simonyan, Karen and others},
  journal={arXiv preprint arXiv:1711.09846},
  year={2017}
}

@article{pham2018efficient,
  title={Efficient Neural Architecture Search via Parameter Sharing},
  author={Pham, Hieu and Guan, Melody Y and Zoph, Barret and Le, Quoc V and Dean, Jeff},
  journal={arXiv preprint arXiv:1802.03268},
  year={2018}
}

@article{hinton2015distilling,
  title={Distilling the knowledge in a neural network},
  author={Hinton, Geoffrey and Vinyals, Oriol and Dean, Jeff},
  journal={arXiv preprint arXiv:1503.02531},
  year={2015}
}

@article{anil2018large,
  title={Large scale distributed neural network training through online distillation},
  author={Anil, Rohan and Pereyra, Gabriel and Passos, Alexandre and Ormandi, Robert and Dahl, George E and Hinton, Geoffrey E},
  journal={arXiv preprint arXiv:1804.03235},
  year={2018}
}
